% Encoding: UTF-8

@misc{kgl_talking_data,
  author       = {Kaggle},
  month        = may,
  year         = {2018},
  title        = {{TalkingData} {AdTracking} {Fraud} {Detection} {Challenge}},
  language     = {English},
  organization = {Kaggle, TalkingData},
  url          = {https://www.kaggle.com/c/talkingdata-adtracking-fraud-detection},
  timestamp    = {2019-01-03},
}

@Misc{kgl_toxic_comment,
  author       = {Kaggle},
  title        = {Toxic {Comment} {Classification} {Challenge}},
  month        = may,
  year         = {2018},
  language     = {English},
  organization = {Kaggle, Jigsaw/Conversation AI},
  timestamp    = {2019-01-03},
  url          = {https://www.kaggle.com/c/jigsaw-toxic-comment-classification-challenge},
}

@Misc{kgl_quora,
  author       = {Kaggle},
  month        = jun,
  year         = {2016},
  title        = {Quora {Question} {Pairs}},
  language     = {English},
  organization = {Kaggle, Quora},
  url          = {https://www.kaggle.com/c/quora-question-pairs},
  timestamp    = {2019-01-03},
}

@Misc{kgl_expedia,
  author       = {Kaggle},
  month        = jun,
  year         = {2017},
  title        = {Expedia {Hotel} {Recommendations}},
  language     = {English},
  organization = {Kaggle, Expedia},
  url          = {https://www.kaggle.com/c/expedia-hotel-recommendations},
  timestamp    = {2019-01-03},
}

@Misc{kgl_inclusive_images,
  author       = {Kaggle},
  month        = nov,
  year         = {2018},
  title        = {Inclusive {Images} {Challenge}},
  language     = {English},
  organization = {Kaggle, TalkingData},
  url          = {https://www.kaggle.com/c/inclusive-images-challenge},
  timestamp    = {2019-01-03},
}

@Misc{kgl_sf_crime,
  author       = {Kaggle},
  month        = jun,
  year         = {2016},
  title        = {San {Francisco} {Crime} {Classification}},
  language     = {English},
  organization = {Kaggle, TalkingData},
  url          = {https://www.kaggle.com/c/sf-crime},
  timestamp    = {2019-01-03},
}

@Comment{jabref-meta: databaseType:bibtex;}
